<?xml version="1.0" encoding="UTF-8"?><collection xmlns="http://www.loc.gov/MARC21/slim"><record><leader>00693nam--2200205-i-4500</leader><controlfield tag="001">000016665</controlfield><controlfield tag="002">20161230</controlfield><controlfield tag="005">20161230201031</controlfield><controlfield tag="008">060222s1000------------r-----000-0-eng-d</controlfield><datafield ind1=" " ind2=" " tag="040"><subfield code="a">IFIN-HH</subfield></datafield><datafield ind1=" " ind2=" " tag="080"><subfield code="a">539.12.01.(063)</subfield></datafield><datafield ind1="1" ind2=" " tag="100"><subfield code="a">Baldin, A. M</subfield></datafield><datafield ind1=" " ind2=" " tag="245"><subfield code="a">Relativistic nuclear physics &amp; quantum chromodynamics</subfield><subfield code="b">Proceedings of the xiith intrnational seminar on high energy physics problems, dubna, 12-17 september, 1994</subfield><subfield code="c">A.M. BALDIN; V.V. BUROV (Eds.)</subfield></datafield><datafield ind1=" " ind2=" " tag="260"><subfield code="a">Dubna</subfield><subfield code="b">Joint Institute For Nuclear Research</subfield><subfield code="c">1997</subfield></datafield><datafield ind1=" " ind2=" " tag="300"><subfield code="a">2 volumes</subfield></datafield><datafield ind1=" " ind2=" " tag="490"><subfield code="a">Proceedings</subfield></datafield><datafield ind1="1" ind2=" " tag="700"><subfield code="a">Burov, V. V</subfield></datafield><datafield ind1="1" ind2=" " tag="787"><subfield code="a">Vol. 2</subfield><subfield code="h">369p</subfield></datafield><datafield ind1=" " ind2=" " tag="852"><subfield code="a">80813</subfield><subfield code="c">539.12.01</subfield></datafield><datafield ind1=" " ind2=" " tag="CAT"><subfield code="a">Sys</subfield><subfield code="c">20110106</subfield><subfield code="h">122249</subfield></datafield></record></collection>